<?xml version="1.0" encoding="UTF-8"?><collection xmlns="http://www.loc.gov/MARC21/slim"><record><leader>00696nam--2200229-u-4500</leader><controlfield tag="001">000050370</controlfield><controlfield tag="002">20161230</controlfield><controlfield tag="003">81793</controlfield><controlfield tag="005">20161230201048</controlfield><controlfield tag="008">070129s1000------------r-----000-0-eng-d</controlfield><datafield ind1=" " ind2=" " tag="020"><subfield code="a">0821827928</subfield></datafield><datafield ind1=" " ind2=" " tag="040"><subfield code="a">IFIN-HH</subfield></datafield><datafield ind1=" " ind2=" " tag="080"><subfield code="a">512.514:515.145</subfield></datafield><datafield ind1="1" ind2=" " tag="100"><subfield code="a">Borel, Armand</subfield></datafield><datafield ind1="1" ind2="0" tag="245"><subfield code="a">Almost Commuting Elements in Compact Lie Groups</subfield><subfield code="c">Armand Borel; Robert Friedman; John W. Morgan</subfield></datafield><datafield ind1=" " ind2=" " tag="260"><subfield code="a">Providence, Rhode Island</subfield><subfield code="b">American Mathematical Society</subfield><subfield code="c">2002</subfield></datafield><datafield ind1=" " ind2=" " tag="300"><subfield code="a">136 p</subfield></datafield><datafield ind1=" " ind2=" " tag="490"><subfield code="a">Memoirs of the American Mathematical Society</subfield><subfield code="v">Vol.747</subfield></datafield><datafield ind1=" " ind2="4" tag="650"><subfield code="a">Complex Lie Groups</subfield></datafield><datafield ind1="1" ind2=" " tag="700"><subfield code="a">Morgan, John W</subfield></datafield><datafield ind1=" " ind2=" " tag="852"><subfield code="a">81793</subfield><subfield code="c">519.4/5</subfield></datafield><datafield ind1=" " ind2=" " tag="CAT"><subfield code="a">Sys</subfield><subfield code="c">20110314</subfield><subfield code="h">142654</subfield></datafield></record></collection>